<?xml version="1.0" encoding="UTF-8"?><collection xmlns="http://www.loc.gov/MARC21/slim"><record><leader>00559nam--2200193-i-4500</leader><controlfield tag="001">000002104</controlfield><controlfield tag="002">20161230</controlfield><controlfield tag="005">20161230201024</controlfield><controlfield tag="008">060222s1000------------r-----000-0-rum-d</controlfield><datafield ind1=" " ind2=" " tag="040"><subfield code="a">IFIN-HH</subfield></datafield><datafield ind1=" " ind2=" " tag="041"><subfield code="a">rum</subfield></datafield><datafield ind1=" " ind2=" " tag="080"><subfield code="a">546.3:538.9</subfield></datafield><datafield ind1="1" ind2=" " tag="100"><subfield code="a">Frenkel, I.I</subfield></datafield><datafield ind1="1" ind2="0" tag="245"><subfield code="a">Introducere in teoria metalelor</subfield><subfield code="b">Traducere din limba rusa</subfield><subfield code="c">I.i. frenkel</subfield></datafield><datafield ind1=" " ind2=" " tag="260"><subfield code="a">Bucuresti</subfield><subfield code="b">Editura Tehnica</subfield><subfield code="c">1953</subfield></datafield><datafield ind1=" " ind2=" " tag="300"><subfield code="a">314 P. + 94 FIG</subfield></datafield><datafield ind1=" " ind2=" " tag="500"><subfield code="a">Titlul Original In Limba Rusa: Vvedenie V Teoriu Metallov</subfield></datafield><datafield ind1=" " ind2=" " tag="852"><subfield code="a">3218</subfield><subfield code="c">539.2</subfield></datafield><datafield ind1=" " ind2=" " tag="CAT"><subfield code="a">Sys</subfield><subfield code="c">20120718</subfield><subfield code="h">125645</subfield></datafield></record></collection>